<record><leader>00000cas a22000007a 4500</leader><controlfield tag="001">11470608</controlfield><controlfield tag="008">841208d18191837ohuwr ne      0    0eng d</controlfield><datafield ind1=" " ind2=" " tag="010"><subfield code="a">sn 84028824 </subfield></datafield><datafield ind1=" " ind2=" " tag="040"><subfield code="a">NPY</subfield><subfield code="b">eng</subfield><subfield code="c">NPY</subfield><subfield code="d">NPX</subfield><subfield code="d">DLC</subfield><subfield code="d">NPU</subfield><subfield code="d">ONP</subfield><subfield code="d">NVK</subfield><subfield code="d">OCL</subfield><subfield code="d">CRL</subfield><subfield code="d">OCLCF</subfield><subfield code="d">OCLCO</subfield></datafield><datafield ind1="1" ind2=" " tag="029"><subfield code="a">AU@</subfield><subfield code="b">000020375442</subfield></datafield><datafield ind1=" " ind2=" " tag="042"><subfield code="a">msc</subfield></datafield><datafield ind1=" " ind2=" " tag="043"><subfield code="a">n-us-oh</subfield></datafield><datafield ind1="0" ind2="0" tag="050"><subfield code="a">Newspaper 9214-X</subfield></datafield><datafield ind1="0" ind2=" " tag="130"><subfield code="a">Muskingum messenger, and Democratic Republican (Zanesville, Ohio : 1819)</subfield></datafield><datafield ind1="0" ind2="4" tag="245"><subfield code="a">The Muskingum messenger, and Democratic Republican.</subfield></datafield><datafield ind1=" " ind2=" " tag="260"><subfield code="a">Zanesville, Ohio :</subfield><subfield code="b">Ezekiel T. Cox,</subfield><subfield code="c">1819-</subfield></datafield><datafield ind1=" " ind2=" " tag="300"><subfield code="a">v. ;</subfield><subfield code="c">51-56 cm.</subfield></datafield><datafield ind1=" " ind2=" " tag="310"><subfield code="a">Weekly</subfield></datafield><datafield ind1="0" ind2=" " tag="362"><subfield code="a">Vol. 10, no. 29 (Aug. 25, 1819)-    = Whole no. 497-</subfield></datafield><datafield ind1="1" ind2=" " tag="362"><subfield code="a">Ceased in 1837.</subfield><subfield code="z">Cf. Gutgesell, S.  Guide to Ohio newspapers, 1974.</subfield></datafield><datafield ind1=" " ind2=" " tag="500"><subfield code="a">Publishers: Ezekial T. Cox, &lt;1819-1823&gt;; Horatio J. Cox, &lt;1822-1823&gt;; Samuel J. Cox, &lt;1826-1827&gt;; Thomas Anderson, 1828-1833.</subfield></datafield><datafield ind1=" " ind2=" " tag="500"><subfield code="a">"Democratic, 1828-1837." Cf. Gutgesell, S.  Guide to Ohio newspapers, 1974.</subfield></datafield><datafield ind1=" " ind2=" " tag="515"><subfield code="a">Vols. for &lt;Mar. 28, 1829-July 7, 1833&gt; called also new ser., v. &lt;1, no. 47-new ser., v. 6, no. 11&gt;; whole numbering continues.</subfield></datafield><datafield ind1=" " ind2=" " tag="525"><subfield code="a">Some issues accompanied by supplements.</subfield></datafield><datafield ind1=" " ind2=" " tag="530"><subfield code="a">Available on microfilm from Bell &amp; Howell.</subfield></datafield><datafield ind1=" " ind2="0" tag="651"><subfield code="a">Muskingum County (Ohio)</subfield><subfield code="v">Newspapers.</subfield></datafield><datafield ind1=" " ind2="0" tag="651"><subfield code="a">Zanesville (Ohio)</subfield><subfield code="v">Newspapers.</subfield></datafield><datafield ind1=" " ind2="7" tag="655"><subfield code="a">Newspapers.</subfield><subfield code="2">fast</subfield><subfield code="0">(OCoLC)fst01423814</subfield></datafield><datafield ind1=" " ind2="7" tag="651"><subfield code="a">Ohio</subfield><subfield code="z">Muskingum County.</subfield><subfield code="2">fast</subfield><subfield code="0">(OCoLC)fst01209592</subfield></datafield><datafield ind1=" " ind2="7" tag="651"><subfield code="a">Ohio</subfield><subfield code="z">Zanesville.</subfield><subfield code="2">fast</subfield><subfield code="0">(OCoLC)fst01225925</subfield></datafield><datafield ind1="1" ind2=" " tag="700"><subfield code="a">Cox, Ezekial T.</subfield></datafield><datafield ind1=" " ind2=" " tag="752"><subfield code="a">United States</subfield><subfield code="b">Ohio</subfield><subfield code="c">Muskingum</subfield><subfield code="d">Zanesville.</subfield></datafield><datafield ind1="0" ind2="0" tag="780"><subfield code="t">Muskingum messenger (Zanesville, Ohio : 1812)</subfield><subfield code="w">(DLC)sn 84028823</subfield><subfield code="w">(OCoLC)11470558</subfield></datafield><datafield ind1=" " ind2=" " tag="936"><subfield code="a">New ser., v. 1, no. 47 (Mar. 28, 1829) LIC</subfield></datafield></record>